<record><leader>00000cas a22000007a 4500</leader><controlfield tag="001">8786824</controlfield><controlfield tag="008">820918d18251834ctucr ne      0    0eng  </controlfield><controlfield tag="009">466</controlfield><datafield ind1=" " ind2=" " tag="010"><subfield code="a">sn 82014449 </subfield><subfield code="z">sn 82014174 </subfield></datafield><datafield ind1=" " ind2=" " tag="040"><subfield code="a">DLC</subfield><subfield code="b">eng</subfield><subfield code="c">DLC</subfield><subfield code="d">NPX</subfield><subfield code="d">DLC</subfield><subfield code="d">CNW</subfield><subfield code="d">OCL</subfield><subfield code="d">MGN</subfield><subfield code="d">CNW</subfield><subfield code="d">OCL</subfield><subfield code="d">DLC</subfield><subfield code="d">OCLCF</subfield></datafield><datafield ind1=" " ind2=" " tag="019"><subfield code="a">8769388</subfield></datafield><datafield ind1="1" ind2=" " tag="029"><subfield code="a">AU@</subfield><subfield code="b">000020129876</subfield></datafield><datafield ind1=" " ind2=" " tag="042"><subfield code="a">msc</subfield></datafield><datafield ind1=" " ind2=" " tag="043"><subfield code="a">n-us-ct</subfield></datafield><datafield ind1="0" ind2="0" tag="050"><subfield code="a">Newspaper</subfield></datafield><datafield ind1="0" ind2=" " tag="130"><subfield code="a">Times &amp; Hartford advertiser (Hartford, Conn. : 1825)</subfield></datafield><datafield ind1="1" ind2="4" tag="245"><subfield code="a">The Times &amp; Hartford advertiser.</subfield></datafield><datafield ind1="1" ind2="0" tag="246"><subfield code="a">Times and Hartford advertiser</subfield></datafield><datafield ind1=" " ind2=" " tag="260"><subfield code="a">Hartford, Conn. :</subfield><subfield code="b">Benj. H. Norton</subfield></datafield><datafield ind1=" " ind2=" " tag="300"><subfield code="a">v. ;</subfield><subfield code="c">68 cm.</subfield></datafield><datafield ind1=" " ind2=" " tag="310"><subfield code="a">Semiweekly</subfield></datafield><datafield ind1="0" ind2=" " tag="362"><subfield code="a">Vol. 1, no. 1 (Feb. 10, 1825)-    ; v. 1, no. 1 (May 10, 1833)-v. 2, no. 151 (Oct. 18, 1834).</subfield></datafield><datafield ind1=" " ind2=" " tag="500"><subfield code="a">Published as: Times and Hartford advertiser, May 10, 1833-1834.</subfield></datafield><datafield ind1=" " ind2=" " tag="530"><subfield code="a">Available on microfilm from UMI.</subfield></datafield><datafield ind1=" " ind2=" " tag="580"><subfield code="a">Weekly eds.: Times and Hartford advertiser (Hartford, Conn. : 1822), 1825-1828, and: Hartford times (Hartford, Conn. : 1828), 1828-1834.</subfield></datafield><datafield ind1=" " ind2="0" tag="651"><subfield code="a">Hartford (Conn.)</subfield><subfield code="v">Newspapers.</subfield></datafield><datafield ind1=" " ind2="7" tag="655"><subfield code="a">Newspapers.</subfield><subfield code="2">fast</subfield><subfield code="0">(OCoLC)fst01423814</subfield></datafield><datafield ind1=" " ind2="7" tag="651"><subfield code="a">Connecticut</subfield><subfield code="z">Hartford.</subfield><subfield code="2">fast</subfield><subfield code="0">(OCoLC)fst01207441</subfield></datafield><datafield ind1=" " ind2=" " tag="752"><subfield code="a">United States</subfield><subfield code="b">Connecticut</subfield><subfield code="c">Hartford</subfield><subfield code="d">Hartford.</subfield></datafield><datafield ind1="1" ind2=" " tag="775"><subfield code="t">Times and Hartford advertiser (Hartford, Conn. : 1822)</subfield><subfield code="w">(DLC)sn 82014608</subfield><subfield code="w">(OCoLC)8814474</subfield></datafield><datafield ind1="1" ind2=" " tag="775"><subfield code="t">Hartford times (Hartford, Conn. : 1828)</subfield><subfield code="w">(DLC)sn 82014455</subfield><subfield code="w">(OCoLC)8786384</subfield></datafield><datafield ind1="0" ind2="0" tag="785"><subfield code="t">Times (Hartford, Conn. : 1834 : Semiweekly)</subfield><subfield code="w">(DLC)sn 82014175</subfield><subfield code="w">(OCoLC)8769439</subfield></datafield></record>